<record><leader>00000cas a2200000 a 4500</leader><controlfield tag="001">31471049</controlfield><controlfield tag="008">941116d19391940cauwr ne      0    0eng c</controlfield><datafield ind1=" " ind2=" " tag="010"><subfield code="a">sn 94052978 </subfield></datafield><datafield ind1=" " ind2=" " tag="040"><subfield code="a">CNK</subfield><subfield code="b">eng</subfield><subfield code="c">CNK</subfield><subfield code="d">OCLCQ</subfield><subfield code="d">CNK</subfield><subfield code="d">OCLCQ</subfield></datafield><datafield ind1=" " ind2=" " tag="042"><subfield code="a">pcc</subfield></datafield><datafield ind1=" " ind2=" " tag="043"><subfield code="a">n-us-ca</subfield></datafield><datafield ind1="0" ind2="4" tag="245"><subfield code="a">The Fruitvale East Oakland news.</subfield></datafield><datafield ind1="3" ind2="0" tag="246"><subfield code="a">East Oakland news</subfield></datafield><datafield ind1="3" ind2="0" tag="246"><subfield code="a">East Oakland Fruitvale news</subfield></datafield><datafield ind1=" " ind2=" " tag="260"><subfield code="a">Oakland [Calif.] :</subfield><subfield code="b">V.L. Goltz</subfield></datafield><datafield ind1=" " ind2=" " tag="300"><subfield code="a">v.</subfield></datafield><datafield ind1=" " ind2=" " tag="310"><subfield code="a">Weekly</subfield></datafield><datafield ind1="1" ind2=" " tag="362"><subfield code="a">Began in 1939.</subfield></datafield><datafield ind1="0" ind2=" " tag="362"><subfield code="a">-v. 11, no. 52 (Dec. 20, 1940).</subfield></datafield><datafield ind1=" " ind2=" " tag="500"><subfield code="a">"Fruitvale" appears above masthead ornament.</subfield></datafield><datafield ind1=" " ind2=" " tag="588"><subfield code="a">Description based on: Vol. 10, no. 10 (Mar. 10, 1939).</subfield></datafield><datafield ind1=" " ind2="0" tag="651"><subfield code="a">Fruitvale (Oakland, Calif.)</subfield><subfield code="v">Newspapers.</subfield></datafield><datafield ind1=" " ind2="0" tag="651"><subfield code="a">East Oakland (Oakland, Calif.)</subfield><subfield code="v">Newspapers.</subfield></datafield><datafield ind1=" " ind2=" " tag="752"><subfield code="a">United States</subfield><subfield code="b">California</subfield><subfield code="c">Alameda</subfield><subfield code="d">Oakland.</subfield></datafield><datafield ind1="0" ind2="0" tag="780"><subfield code="t">Fruitvale shopping news</subfield><subfield code="w">(DLC)sn 94052977</subfield></datafield><datafield ind1="0" ind2="0" tag="785"><subfield code="t">East Oakland news</subfield><subfield code="w">(DLC)sn 94052979</subfield></datafield><datafield ind1="1" ind2=" " tag="029"><subfield code="a">AU@</subfield><subfield code="b">000011357881</subfield></datafield></record>